@inproceedings{shvets2018automatic,
  title     = {Automatic Instrument Segmentation in Robot-Assisted Surgery using Deep Learning},
  author    = {Shvets, Alexey A and Rakhlin, Alexander and Kalinin, Alexandr A and Iglovikov, Vladimir I},
  booktitle = {2018 17th IEEE International Conference on Machine Learning and Applications (ICMLA)},
  pages     = {624--628},
  year      = {2018}
}